<?xml version="1.0" encoding="UTF-8"?>
<collection xmlns:xsi="http://www.w3.org/2001/XMLSchema-instance" xsi:schemaLocation="http://www.loc.gov/MARC21/slim http://www.loc.gov/standards/marcxml/schema/MARC21slim.xsd" xmlns="http://www.loc.gov/MARC21/slim">
<record>
  <leader>01163cam a2200277 a 4500</leader>
  <controlfield tag="001">3111301</controlfield>
  <controlfield tag="003">NNC</controlfield>
  <controlfield tag="005">20130520201010.0</controlfield>
  <controlfield tag="008">000828s1900    ua            000 0 arard</controlfield>
  <datafield tag="035" ind1=" " ind2=" ">
    <subfield code="a">(OCoLC)ocm44890833</subfield>
  </datafield>
  <datafield tag="035" ind1=" " ind2=" ">
    <subfield code="9">ATU2736CU</subfield>
  </datafield>
  <datafield tag="035" ind1=" " ind2=" ">
    <subfield code="a">(NNC)3111301</subfield>
  </datafield>
  <datafield tag="035" ind1=" " ind2=" ">
    <subfield code="a">3111301</subfield>
  </datafield>
  <datafield tag="040" ind1=" " ind2=" ">
    <subfield code="a">IUL</subfield>
    <subfield code="c">IUL</subfield>
    <subfield code="d">ZCU</subfield>
  </datafield>
  <datafield tag="050" ind1=" " ind2="4">
    <subfield code="a">PJ6161</subfield>
    <subfield code="b">.S158</subfield>
  </datafield>
  <datafield tag="099" ind1=" " ind2=" ">
    <subfield code="a">893.74</subfield>
    <subfield code="a">Sa2</subfield>
  </datafield>
  <datafield tag="100" ind1="1" ind2=" ">
    <subfield code="a">Sakkākī, Yūsuf ibn Abī Bakr,</subfield>
    <subfield code="d">1160-</subfield>
  </datafield>
  <datafield tag="240" ind1="1" ind2="0">
    <subfield code="a">Miftāḥ al-ʻulūm</subfield>
  </datafield>
  <datafield tag="245" ind1="1" ind2="0">
    <subfield code="a">Kitāb Miftāḥ al-ʻulūm /</subfield>
    <subfield code="c">li-Abī Yaʻqūb Yūsuf ibn Abī Bakr Muḥammad ibn ʻAlī al-Sakkākī. Wa-bi-hāmishih Kitāb itmām al-dirāyah li-qurrāʾ al-Nuqāyah al-jāmiʻ li-arbaʻata ʻashara ʻilman / li-Jalāl al-Dīn ʻAbd al-Raḥmān al-Suyūṭī ; taṣḥīḥ Muḥammad al-Zahrī al-Ghamrāwī.</subfield>
  </datafield>
  <datafield tag="246" ind1="3" ind2="0">
    <subfield code="a">Miftāḥ al-ʻulūm</subfield>
  </datafield>
  <datafield tag="260" ind1=" " ind2=" ">
    <subfield code="a">Miṣr :</subfield>
    <subfield code="b">al-Maṭbaʻah al-Maymanīyah,</subfield>
    <subfield code="c">1318 [1900]</subfield>
  </datafield>
  <datafield tag="300" ind1=" " ind2=" ">
    <subfield code="a">250 p. ;</subfield>
    <subfield code="c">28 cm.</subfield>
  </datafield>
  <datafield tag="650" ind1=" " ind2="0">
    <subfield code="a">Arabic language</subfield>
    <subfield code="x">Rhetoric.</subfield>
  </datafield>
  <datafield tag="700" ind1="1" ind2=" ">
    <subfield code="a">Ghamrāwī, Muḥammad al-Zahrī.</subfield>
  </datafield>
  <datafield tag="700" ind1="0" ind2="2">
    <subfield code="a">Suyūṭī,</subfield>
    <subfield code="d">1445-1505.</subfield>
    <subfield code="t">Itmām al-dirāyah li-qurrāʼ al-Nuqāyah.</subfield>
  </datafield>
  <datafield tag="955" ind1=" " ind2=" ">
    <subfield code="b">CU07840888</subfield>
    <subfield code="d">off,glx</subfield>
    <subfield code="e">893.74 Sa2</subfield>
  </datafield>
</record>
</collection>